@INPROCEEDINGS{Classification of normal vs malignant,
    author = {Anubha Gupta, Ritu Gupta, Shiv Gehlot, Simmi Mourya},
    title = {Classification of normal vs malignant cells in B-ALL white blood cancer microscopic images},
    booktitle = {IEEE International Symposium on Biomedical Imaging (ISBI)-2019 challenges},
    url = {https://competitions.codalab.org/competitions/20429}
    year = {2010}
}
