@article{srivastava2014dropout,
  added-at = {2017-01-28T20:14:22.000+0100},
  author = {Srivastava, Nitish and Hinton, Geoffrey E. and Krizhevsky, Alex and Sutskever, Ilya and Salakhutdinov, Ruslan},
  biburl = {https://www.bibsonomy.org/bibtex/24a1dac2f78b37c1f374a8228b0e272aa/hprop},
  interhash = {bdad866eb5fd8994c2aeae46af6def20},
  intrahash = {4a1dac2f78b37c1f374a8228b0e272aa},
  journal = {Journal of Machine Learning Research},
  keywords = {dropout machine-learning neural-networks regularization},
  number = 1,
  pages = {1929-1958},
  timestamp = {2017-01-28T20:31:22.000+0100},
  title = {Dropout: a simple way to prevent neural networks from overfitting.},
  url = {http://www.cs.toronto.edu/~rsalakhu/papers/srivastava14a.pdf},
  volume = 15,
  year = 2014
}
