@article{DBLP:journals/corr/Laarhoven17b,
  author    = {Twan van Laarhoven},
  title     = {{L2} Regularization versus Batch and Weight Normalization},
  journal   = {CoRR},
  volume    = {abs/1706.05350},
  year      = {2017},
  url       = {http://arxiv.org/abs/1706.05350},
  archivePrefix = {arXiv},
  eprint    = {1706.05350},
  timestamp = {Mon, 13 Aug 2018 16:46:12 +0200},
  biburl    = {https://dblp.org/rec/bib/journals/corr/Laarhoven17b},
  bibsource = {dblp computer science bibliography, https://dblp.org}
}

