@INPROCEEDINGS{Glorot10understandingthe,
    author = {Xavier Glorot and Yoshua Bengio},
    title = {Understanding the difficulty of training deep feedforward neural networks},
    booktitle = {In Proceedings of the International Conference on Artificial Intelligence and Statistics (AISTATSâ€™10). Society for Artificial Intelligence and Statistics},
    year = {2010}
}
